<?xml version="1.0" encoding="UTF-8"?><collection xmlns="http://www.loc.gov/MARC21/slim"><record><leader>00312nam--2200121-i-4500</leader><controlfield tag="001">000013860</controlfield><controlfield tag="002">20161230</controlfield><controlfield tag="005">20161230201030</controlfield><controlfield tag="008">060222s1000------------r-----000-0-eng-d</controlfield><datafield ind1=" " ind2=" " tag="245"><subfield code="a">Collected scientific papers. meteorology 1919 1949</subfield></datafield><datafield ind1=" " ind2=" " tag="260"><subfield code="a">Peking, Academia Sinica, 1954</subfield></datafield><datafield ind1=" " ind2=" " tag="490"><subfield code="a">Ix+625p</subfield></datafield><datafield ind1=" " ind2=" " tag="852"><subfield code="a">551.5(08)</subfield></datafield></record></collection>